@book{trefethen1997numerical,
  title={Numerical linear algebra},
  author={Trefethen, Lloyd N and Bau III, David},
  volume={50},
  year={1997},
  publisher={Siam}
}

@book{davis2006direct,
  title={Direct methods for sparse linear systems},
  author={Davis, Timothy A},
  year={2006},
  publisher={SIAM}
}